%YAML 1.1
%TAG !u! tag:unity3d.com,2011:
--- !u!1 &2419608018426124572
GameObject:
  m_ObjectHideFlags: 0
  m_CorrespondingSourceObject: {fileID: 0}
  m_PrefabInstance: {fileID: 0}
  m_PrefabAsset: {fileID: 0}
  serializedVersion: 6
  m_Component:
  - component: {fileID: 1952752008266314813}
  - component: {fileID: 5258708789919165886}
  - component: {fileID: 7288924270381315803}
  - component: {fileID: 2846909349400112649}
  - component: {fileID: 1897250107919513014}
  m_Layer: 0
  m_Name: Circle_Glob_Red
  m_TagString: Untagged
  m_Icon: {fileID: 0}
  m_NavMeshLayer: 0
  m_StaticEditorFlags: 0
  m_IsActive: 1
--- !u!4 &1952752008266314813
Transform:
  m_ObjectHideFlags: 0
  m_CorrespondingSourceObject: {fileID: 0}
  m_PrefabInstance: {fileID: 0}
  m_PrefabAsset: {fileID: 0}
  m_GameObject: {fileID: 2419608018426124572}
  m_LocalRotation: {x: -0.87881714, y: 0, z: 0, w: 0.4771588}
  m_LocalPosition: {x: 0, y: 0, z: 0}
  m_LocalScale: {x: 70, y: 70, z: 90}
  m_Children: []
  m_Father: {fileID: 0}
  m_RootOrder: 0
  m_LocalEulerAnglesHint: {x: -123, y: 0, z: 0}
--- !u!33 &5258708789919165886
MeshFilter:
  m_ObjectHideFlags: 0
  m_CorrespondingSourceObject: {fileID: 0}
  m_PrefabInstance: {fileID: 0}
  m_PrefabAsset: {fileID: 0}
  m_GameObject: {fileID: 2419608018426124572}
  m_Mesh: {fileID: -1580440411551037680, guid: bf165a278703c4849aaafa5a76f90d08, type: 3}
--- !u!23 &7288924270381315803
MeshRenderer:
  m_ObjectHideFlags: 0
  m_CorrespondingSourceObject: {fileID: 0}
  m_PrefabInstance: {fileID: 0}
  m_PrefabAsset: {fileID: 0}
  m_GameObject: {fileID: 2419608018426124572}
  m_Enabled: 1
  m_CastShadows: 0
  m_ReceiveShadows: 1
  m_DynamicOccludee: 1
  m_MotionVectors: 1
  m_LightProbeUsage: 1
  m_ReflectionProbeUsage: 1
  m_RenderingLayerMask: 1
  m_RendererPriority: 0
  m_Materials:
  - {fileID: 2100000, guid: 60287cca23a12e747b9eb84334a046ab, type: 2}
  m_StaticBatchInfo:
    firstSubMesh: 0
    subMeshCount: 0
  m_StaticBatchRoot: {fileID: 0}
  m_ProbeAnchor: {fileID: 0}
  m_LightProbeVolumeOverride: {fileID: 0}
  m_ScaleInLightmap: 1
  m_ReceiveGI: 1
  m_PreserveUVs: 0
  m_IgnoreNormalsForChartDetection: 0
  m_ImportantGI: 0
  m_StitchLightmapSeams: 1
  m_SelectedEditorRenderState: 3
  m_MinimumChartSize: 4
  m_AutoUVMaxDistance: 0.5
  m_AutoUVMaxAngle: 89
  m_LightmapParameters: {fileID: 0}
  m_SortingLayerID: 0
  m_SortingLayer: 0
  m_SortingOrder: 0
--- !u!65 &2846909349400112649
BoxCollider:
  m_ObjectHideFlags: 0
  m_CorrespondingSourceObject: {fileID: 0}
  m_PrefabInstance: {fileID: 0}
  m_PrefabAsset: {fileID: 0}
  m_GameObject: {fileID: 2419608018426124572}
  m_Material: {fileID: 0}
  m_IsTrigger: 0
  m_Enabled: 1
  serializedVersion: 2
  m_Size: {x: 0.019999998, y: 0.019999994, z: 0.0040783435}
  m_Center: {x: 1.8352643e-17, y: -2.3283064e-10, z: 0.0020391704}
--- !u!114 &1897250107919513014
MonoBehaviour:
  m_ObjectHideFlags: 0
  m_CorrespondingSourceObject: {fileID: 0}
  m_PrefabInstance: {fileID: 0}
  m_PrefabAsset: {fileID: 0}
  m_GameObject: {fileID: 2419608018426124572}
  m_Enabled: 1
  m_EditorHideFlags: 0
  m_Script: {fileID: 11500000, guid: bf0c55218be62cf43b6338faaf8c22fd, type: 3}
  m_Name: 
  m_EditorClassIdentifier: 
  id: 0
  particleEffects:
  - {fileID: 2895895100495071692, guid: 55d0538903b60e64bb5b022e26f367a3, type: 3}
  splatEffects:
  - {fileID: 559666403185879766, guid: fd65bc154f3d9ae45a9e8a50e8e44e2c, type: 3}
  - {fileID: 2411085481844812461, guid: 8e24757448a5f8f42981895a948b36dc, type: 3}
  - {fileID: 4142455774552810321, guid: eb848eaa4b18b36428d65718281d094a, type: 3}
  - {fileID: 3357951240336797334, guid: 847852527410cf24bab2e09da09128d2, type: 3}
  - {fileID: 688876610213222549, guid: a27f7d2ae52d6f64da564da08549ee88, type: 3}
